%% This BibTeX bibliography file was created using BibDesk.
%% http://bibdesk.sourceforge.net/

%% Created for Carl Saptarshi at 2017-05-02 22:13:58 +0100 


%% Saved with string encoding Unicode (UTF-8) 



@webpage{ref-deb,
	Date-Added = {2017-05-02 21:07:40 +0000},
	Date-Modified = {2017-05-02 21:13:06 +0000},
	Title = {Chapter 11 - Bankruptcy Basics},
	Url = {http://www.uscourts.gov/services-forms/bankruptcy/bankruptcy-basics/chapter-11-bankruptcy-basics},
	Year = {n.d.}}

@webpage{ref-absk,
	Date-Added = {2017-05-01 22:39:58 +0000},
	Date-Modified = {2017-05-01 22:41:25 +0000},
	Lastchecked = {01-03-2017},
	Month = {Januray},
	Url = {http://scikit-learn.org/stable/developers/contributing.html},
	Year = {2016},
	Bdsk-Url-1 = {http://scikit-learn.org/stable/developers/contributing.html}}

@article{ref-sklearn,
	Author = {Pedregosa et al.},
	Date-Added = {2017-05-01 22:37:55 +0000},
	Date-Modified = {2017-05-01 22:39:09 +0000},
	Journal = {JMLR},
	Title = {Scikit-learn: Machine Learning in Python},
	Year = {2011}}

@webpage{ref-pre,
	Author = {Peter Wentworth and Jeffrey Elkner and Allen B. Downey and Chris Meyers},
	Date-Added = {2017-05-01 22:23:13 +0000},
	Date-Modified = {2017-05-01 22:25:31 +0000},
	Title = {Trees},
	Url = {http://openbookproject.net/thinkcs/python/english3e/trees.html},
	Urldate = {2012},
	Year = {2012},
	Bdsk-Url-1 = {http://openbookproject.net/thinkcs/python/english3e/trees.html}}

@conference{ref-koz,
	Author = {J. Koza},
	Booktitle = {Statistics and Computing},
	Date-Added = {2017-05-01 22:15:53 +0000},
	Date-Modified = {2017-05-01 22:17:04 +0000},
	Title = {Genetic Programming as a Means for Programming Computers by Natural Selection},
	Volume = {4},
	Year = {1994}}

@book{ref-book,
	Author = {Riccardo Poli and William B. Langdon and Nicholas F. McPhee and John R. Koza},
	Date-Added = {2017-05-01 22:11:23 +0000},
	Date-Modified = {2017-05-01 22:13:27 +0000},
	Publisher = {University of Essex},
	Title = {A Field Guide to Genetic Programming},
	Year = {2008}}

@conference{ref-thirt,
	Author = {B. Back and T. Laitinen and K. Sere},
	Booktitle = {Expert Systems with Applications},
	Date-Added = {2017-05-01 21:02:44 +0000},
	Date-Modified = {2017-05-01 21:03:45 +0000},
	Pages = {407-413},
	Title = {Neural networks and genetic algorithms for bankruptcy predictions},
	Volume = {11},
	Year = {1996}}

@conference{ref-twelve,
	Author = {H. Etemadi and A. Anvary Rostamy and H. Dehkordi},
	Booktitle = {Expert Systems with Applications},
	Date-Added = {2017-05-01 20:34:33 +0000},
	Date-Modified = {2017-05-01 20:35:43 +0000},
	Pages = {3199-3207},
	Title = {A genetic programming model for bankruptcy prediction: Empirical evidence from Iran},
	Volume = {36},
	Year = {2009}}

@conference{ref-eleven,
	Author = {W. Lee},
	Booktitle = {Proceedings of the 9th Joint Conference on Information Sciences (JCIS)},
	Date-Added = {2017-05-01 20:29:18 +0000},
	Date-Modified = {2017-05-01 20:29:42 +0000},
	Title = {Genetic Programming Decision Tree for Bankruptcy Prediction},
	Year = {2006}}

@conference{ref-ten,
	Author = {T. Lensberg and A. Eilifsena and T. McKee},
	Booktitle = {European Journal of Operational Research},
	Date-Added = {2017-05-01 20:13:51 +0000},
	Date-Modified = {2017-05-01 20:15:41 +0000},
	Pages = {677--697},
	Title = {Bankruptcy Theory Development and Classification via Genetic Programming},
	Volume = {169},
	Year = {2016}}

@conference{ref-nine,
	Author = {R. Wilson and R. Sharda},
	Booktitle = {Decision Support Systems},
	Date-Added = {2017-05-01 20:05:48 +0000},
	Date-Modified = {2017-05-01 20:06:37 +0000},
	Pages = {545-557},
	Title = {Bankruptcy prediction using neural networks},
	Volume = {11},
	Year = {1994}}

@conference{ref-eight,
	Author = {J. Ohlson},
	Booktitle = {Journal of Accounting Research},
	Date-Added = {2017-05-01 19:22:18 +0000},
	Date-Modified = {2017-05-01 19:52:18 +0000},
	Title = {Financial Ratios and the Probabilistic Prediction of Bankruptcy},
	Year = {1980}}

@conference{ref-seven,
	Author = {R. Lippmann},
	Booktitle = {IEEE ASSP Magazine},
	Date-Added = {2017-05-01 18:52:50 +0000},
	Date-Modified = {2017-05-01 18:57:27 +0000},
	Pages = {4-22},
	Title = {An introduction to computing with neural nets},
	Volume = {4},
	Year = {1987}}

@conference{ref-six,
	Author = {E. Altman},
	Booktitle = {The Journal of Finance},
	Date-Added = {2017-05-01 17:32:26 +0000},
	Date-Modified = {2017-05-01 18:47:27 +0000},
	Pages = {589-609},
	Title = {Financial Ratios, Discriminant Analysis And The Prediction Of Corporate Bankruptcy},
	Volume = {23},
	Year = {1968}}

@url{ref-five,
	Author = {American Bankruptcy Institute},
	Date-Added = {2017-05-01 17:24:27 +0000},
	Date-Modified = {2017-05-01 17:25:56 +0000},
	Lastchecked = {2017},
	Title = {Bankruptcy Statistics},
	Url = {http://www.abi.org/newsroom/bankruptcy-statistics},
	Year = {2017},
	Bdsk-Url-1 = {http://www.abi.org/newsroom/bankruptcy-statistics}}

@conference{ref-four,
	Author = {D. Barcena and A. Marin},
	Booktitle = {World Automation Congress (WAC)},
	Date-Added = {2017-05-01 17:16:39 +0000},
	Date-Modified = {2017-05-01 17:19:15 +0000},
	Editor = {IEEE},
	Title = {Modeling logic and Neural Approaches to Bankruptcy Prediction Models},
	Year = {2010}}

@conference{ref-three,
	Author = {J. Baetge and M. Huss and H. Niehaus},
	Booktitle = {Studies in Banking and Finance},
	Date-Added = {2017-05-01 17:06:54 +0000},
	Date-Modified = {2017-05-01 17:08:21 +0000},
	Pages = {183-196},
	Title = {The Use of Statistical Analysis to Identify the Financial Strength of Corporations in Germany},
	Volume = {7},
	Year = {1988}}

@conference{ref-two,
	Author = {W. Beaver},
	Booktitle = {Journal of Accounting Research},
	Date-Added = {2017-05-01 16:50:29 +0000},
	Date-Modified = {2017-05-01 16:51:52 +0000},
	Title = {Financial Ratios as Predictors of Failure},
	Year = {1966},
	Bdsk-File-1 = {YnBsaXN0MDDUAQIDBAUGJCVYJHZlcnNpb25YJG9iamVjdHNZJGFyY2hpdmVyVCR0b3ASAAGGoKgHCBMUFRYaIVUkbnVsbNMJCgsMDxJXTlMua2V5c1pOUy5vYmplY3RzViRjbGFzc6INDoACgAOiEBGABIAFgAdccmVsYXRpdmVQYXRoWWFsaWFzRGF0YV8QYy4uLy4uLy4uLy4uL0RvY3VtZW50cy9jb21wdXRlcl9zY2llbmNlL3llYXIzL2Rpc3NlcnRhdGlvbi9zb3VyY2VzL05ldXJhbCBOZXR3b3JrIHNvdXJjZXMvYmVhdmVyLnBkZtIXCxgZV05TLmRhdGFPEQIsAAAAAAIsAAIAAA1jYXJscyBtYWNib29rAAAAAAAAAAAAAAAAAADS/M0NSCsAAADtDZIKYmVhdmVyLnBkZgAAAAAAAAAAAAAAAAAAAAAAAAAAAAAAAAAAAAAAAAAAAAAAAAAAAAAAAAAAAAAAAAAAAAAAAeQY69UtJrsAAAAAAAAAAAAEAAcAAAkgAAAAAAAAAAAAAAAAAAAAFk5ldXJhbCBOZXR3b3JrIHNvdXJjZXMAEAAIAADS/M0NAAAAEQAIAADVLRirAAAAAQAgAO0NkgDs0KUA4ZXxAKJsrQA5UesABizpAAYs6AACZv0AAgCBY2FybHMgbWFjYm9vazpVc2VyczoAY2FybHNhcHRhcnNoaToARG9jdW1lbnRzOgBjb21wdXRlcl9zY2llbmNlOgB5ZWFyMzoAZGlzc2VydGF0aW9uOgBzb3VyY2VzOgBOZXVyYWwgTmV0d29yayBzb3VyY2VzOgBiZWF2ZXIucGRmAAAOABYACgBiAGUAYQB2AGUAcgAuAHAAZABmAA8AHAANAGMAYQByAGwAcwAgAG0AYQBjAGIAbwBvAGsAEgBrVXNlcnMvY2FybHNhcHRhcnNoaS9Eb2N1bWVudHMvY29tcHV0ZXJfc2NpZW5jZS95ZWFyMy9kaXNzZXJ0YXRpb24vc291cmNlcy9OZXVyYWwgTmV0d29yayBzb3VyY2VzL2JlYXZlci5wZGYAABMAAS8AABUAAgAU//8AAIAG0hscHR5aJGNsYXNzbmFtZVgkY2xhc3Nlc11OU011dGFibGVEYXRhox0fIFZOU0RhdGFYTlNPYmplY3TSGxwiI1xOU0RpY3Rpb25hcnmiIiBfEA9OU0tleWVkQXJjaGl2ZXLRJidUcm9vdIABAAgAEQAaACMALQAyADcAQABGAE0AVQBgAGcAagBsAG4AcQBzAHUAdwCEAI4A9AD5AQEDMQMzAzgDQwNMA1oDXgNlA24DcwOAA4MDlQOYA50AAAAAAAACAQAAAAAAAAAoAAAAAAAAAAAAAAAAAAADnw==}}

@conference{ref-one,
	Author = {Suzaida Bakar and Irene Ting Wei Kiong and Annuar Md Nassir},
	Booktitle = {nternational Conference on Statistics in Science, Business and Engineering (ICSSBE)},
	Date-Added = {2017-05-01 16:17:12 +0000},
	Date-Modified = {2017-05-01 17:03:49 +0000},
	Title = {Examining and Validating a Bankruptcy Prediction Models in Malaysia},
	Year = {2012},
	Bdsk-File-1 = {YnBsaXN0MDDUAQIDBAUGJCVYJHZlcnNpb25YJG9iamVjdHNZJGFyY2hpdmVyVCR0b3ASAAGGoKgHCBMUFRYaIVUkbnVsbNMJCgsMDxJXTlMua2V5c1pOUy5vYmplY3RzViRjbGFzc6INDoACgAOiEBGABIAFgAdccmVsYXRpdmVQYXRoWWFsaWFzRGF0YV8QZC4uLy4uLy4uLy4uL0RvY3VtZW50cy9jb21wdXRlcl9zY2llbmNlL3llYXIzL2Rpc3NlcnRhdGlvbi9zb3VyY2VzL05ldXJhbCBOZXR3b3JrIHNvdXJjZXMvc291cmNlMS5wZGbSFwsYGVdOUy5kYXRhTxECLgAAAAACLgACAAANY2FybHMgbWFjYm9vawAAAAAAAAAAAAAAAAAA0vzNDUgrAAAA7Q2SC3NvdXJjZTEucGRmAAAAAAAAAAAAAAAAAAAAAAAAAAAAAAAAAAAAAAAAAAAAAAAAAAAAAAAAAAAAAAAAAAAAAAHKGv3UKRoIAAAAAAAAAAAABAAHAAAJIAAAAAAAAAAAAAAAAAAAABZOZXVyYWwgTmV0d29yayBzb3VyY2VzABAACAAA0vzNDQAAABEACAAA1CkL+AAAAAEAIADtDZIA7NClAOGV8QCibK0AOVHrAAYs6QAGLOgAAmb9AAIAgmNhcmxzIG1hY2Jvb2s6VXNlcnM6AGNhcmxzYXB0YXJzaGk6AERvY3VtZW50czoAY29tcHV0ZXJfc2NpZW5jZToAeWVhcjM6AGRpc3NlcnRhdGlvbjoAc291cmNlczoATmV1cmFsIE5ldHdvcmsgc291cmNlczoAc291cmNlMS5wZGYADgAYAAsAcwBvAHUAcgBjAGUAMQAuAHAAZABmAA8AHAANAGMAYQByAGwAcwAgAG0AYQBjAGIAbwBvAGsAEgBsVXNlcnMvY2FybHNhcHRhcnNoaS9Eb2N1bWVudHMvY29tcHV0ZXJfc2NpZW5jZS95ZWFyMy9kaXNzZXJ0YXRpb24vc291cmNlcy9OZXVyYWwgTmV0d29yayBzb3VyY2VzL3NvdXJjZTEucGRmABMAAS8AABUAAgAU//8AAIAG0hscHR5aJGNsYXNzbmFtZVgkY2xhc3Nlc11OU011dGFibGVEYXRhox0fIFZOU0RhdGFYTlNPYmplY3TSGxwiI1xOU0RpY3Rpb25hcnmiIiBfEA9OU0tleWVkQXJjaGl2ZXLRJidUcm9vdIABAAgAEQAaACMALQAyADcAQABGAE0AVQBgAGcAagBsAG4AcQBzAHUAdwCEAI4A9QD6AQIDNAM2AzsDRgNPA10DYQNoA3EDdgODA4YDmAObA6AAAAAAAAACAQAAAAAAAAAoAAAAAAAAAAAAAAAAAAADog==}}
